/Users/sambilbow/Documents/Vault/40 Research/42 Literature/42.01 Zotero Library/References.bib