% Encoding: UTF-8

@entry{6dof,
    text        =   {6DoF},
    long        =   {six degrees of freedom},
    name        =   {six degrees of freedom (6DoF)},
    first       =   {six degrees of freedom (6DoF)},
    firstplural =   {six degrees of freedom\glspluralsuffix\ (\glsentryname{6dof})},
    description =   {---}
}
@entry{aar,
    text        =   {AAR},
    long        =   {audio augmented reality},
    name        =   {audio augmented reality (AAR)},
    first       =   {audio augmented reality (AAR)},
    firstplural =   {audio augmented reality\glspluralsuffix\ (\glsentryname{aar})},
    description =   {---}
}
@entry{abd,
    text        =   {ABD},
    long        =   {auto-biographical design},
    name        =   {auto-biographical design (ABD)},
    first       =   {auto-biographical design (ABD)},
    firstplural =   {auto-biographical design\glspluralsuffix\ (\glsentryname{abd})},
    description =   {---}
}
@entry{ar,
    text        =   {AR},
    long        =   {augmented reality},
    name        =   {augmented reality (AR)},
    first       =   {augmented reality (AR)},
    firstplural =   {augmented reality\glspluralsuffix\ (\glsentryname{ar})},
    description =   {---}
}
@entry{art,
    text        =   {ARt},
    long        =   {augmented reality art},
    name        =   {augmented reality art (ARt)},
    first       =   {augmented reality art (ARt)},
    firstplural =   {augmented reality art\glspluralsuffix\ (\glsentryname{art})},
    description =   {---}
}
@entry{av,
    text        =   {AV},
    long        =   {audio-visual},
    name        =   {audio-visual (AV)},
    first       =   {audio-visual (AV)},
    firstplural =   {audio-visual\glspluralsuffix\ (\glsentryname{av})},
    description =   {---}
}
@entry{bpf,
    text        =   {BPF},
    long        =   {band-pass filter},
    name        =   {band-pass filter (BPF)},
    first       =   {band-pass filter (BPF)},
    firstplural =   {band-pass filter\glspluralsuffix\ (\glsentryname{bpf})},
    description =   {---}
}
@entry{crt,
    text        =   {CRT},
    long        =   {cathode ray tube},
    name        =   {cathode ray tube (CRT)},
    first       =   {cathode ray tube (CRT)},
    firstplural =   {cathode ray tube\glspluralsuffix\ (\glsentryname{crt})},
    description =   {---}
}
@entry{diy,
    text        =   {DIY},
    long        =   {do~it-yourself},
    name        =   {do~it-yourself (DIY)},
    first       =   {do~it-yourself (DIY)},
    firstplural =   {do~it-yourself\glspluralsuffix\ (\glsentryname{diy})},
    description =   {---}
}
@entry{dmi,
    text        =   {DMI},
    long        =   {digital musical instrument},
    name        =   {digital musical instrument (DMI)},
    first       =   {digital musical instrument (DMI)},
    firstplural =   {digital musical instrument\glspluralsuffix\ (\glsentryname{dmi})},
    description =   {---}
}
@entry{floss,
    text        =   {F/LOSS},
    long        =   {free / libre open-source software},
    name        =   {free / libre open-source software (F/LOSS)},
    first       =   {free / libre open-source software (F/LOSS)},
    firstplural =   {free / libre open-source software\glspluralsuffix\ (\glsentryname{floss})},
    description =   {---}
}
@entry{satnav,
    text        =   {satnav},
    long        =   {satellite navigation},
    name        =   {satellite navigation (satnav)},
    first       =   {satellite navigation (satnav)},
    firstplural =   {satellite navigation\glspluralsuffix\ (\glsentryname{satnav})},
    description =   {---}
}
@entry{hci,
    text        =   {HCI},
    long        =   {human-computer interaction},
    name        =   {human-computer interaction (HCI)},
    first       =   {human-computer interaction (HCI)},
    firstplural =   {human-computer interaction\glspluralsuffix\ (\glsentryname{hci})},
    description =   {---}
}
@entry{hmd,
    text        =   {HMD},
    long        =   {head-mounted display},
    name        =   {head-mounted display (HMD)},
    first       =   {head-mounted display (HMD)},
    firstplural =   {head-mounted display\glspluralsuffix\ (\glsentryname{hmd})},
    description =   {---}
}
@entry{hud,
    text        =   {HUD},
    long        =   {heads-up display},
    name        =   {heads-up display (HUD)},
    first       =   {heads-up display (HUD)},
    firstplural =   {heads-up display\glspluralsuffix\ (\glsentryname{hud})},
    description =   {---}
}
@entry{imu,
    text        =   {IMU},
    long        =   {inertial measurement unit},
    name        =   {inertial measurement unit (IMU)},
    first       =   {inertial measurement unit (IMU)},
    firstplural =   {inertial measurement unit\glspluralsuffix\ (\glsentryname{imu})},
    description =   {---}
}
@entry{lmc,
    text        =   {LMC},
    long        =   {Leap Motion controller},
    name        =   {Leap Motion controller (LMC)},
    first       =   {Leap Motion controller (LMC)},
    firstplural =   {Leap Motion controller\glspluralsuffix\ (\glsentryname{lmc})},
    description =   {---}
}
@entry{lpf,
    text        =   {LPF},
    long        =   {low-pass filter},
    name        =   {low-pass filter (LPF)},
    first       =   {low-pass filter (LPF)},
    firstplural =   {low-pass filter\glspluralsuffix\ (\glsentryname{lpf})},
    description =   {---}
}
@entry{mr,
    text        =   {MR},
    long        =   {mixed reality},
    name        =   {mixed reality (MR)},
    first       =   {mixed reality (MR)},
    firstplural =   {mixed reality\glspluralsuffix\ (\glsentryname{mr})},
    description =   {---}
}
@entry{msar,
    text        =   {MSAR},
    long        =   {multisensory augmented reality},
    name        =   {multisensory augmented reality (MSAR)},
    first       =   {multisensory augmented reality (MSAR)},
    firstplural =   {multisensory augmented reality\glspluralsuffix\ (\glsentryname{msar})},
    description =   {---}
}
@entry{nft,
    text        =   {NFT},
    long        =   {non-fungible token},
    name        =   {non-fungible token (NFT)},
    first       =   {non-fungible token (NFT)},
    firstplural =   {non-fungible token\glspluralsuffix\ (\glsentryname{nft})},
    description =   {---}
}
@entry{ngo,
    text        =   {NGO},
    long        =   {non-governmental organisation},
    name        =   {non-governmental organisation (NGO)},
    first       =   {non-governmental organisation (NGO)},
    firstplural =   {non-governmental organisation\glspluralsuffix\ (\glsentryname{ngo})},
    description =   {---}
}
@entry{nimes,
    text        =   {NIMEs},
    long        =   {new interfaces for musical expression},
    name        =   {new interfaces for musical expression (NIMEs)},
    first       =   {new interfaces for musical expression (NIMEs)},
    firstplural =   {new interfaces for musical expression\glspluralsuffix\ (\glsentryname{nimes})},
    description =   {---}
}
@entry{osh,
    text        =   {OSH},
    long        =   {open-source hardware},
    name        =   {open-source hardware (OSH)},
    first       =   {open-source hardware (OSH)},
    firstplural =   {open-source hardware\glspluralsuffix\ (\glsentryname{osh})},
    description =   {---}
}
@entry{pcb,
    text        =   {PCB},
    long        =   {printed circuit board},
    name        =   {printed circuit board (PCB)},
    first       =   {printed circuit board (PCB)},
    firstplural =   {printed circuit board\glspluralsuffix\ (\glsentryname{pcb})},
    description =   {---}
}
@entry{pda,
    text        =   {PDA},
    long        =   {personal digital assistant},
    name        =   {personal digital assistant (PDA)},
    first       =   {personal digital assistant (PDA)},
    firstplural =   {personal digital assistant\glspluralsuffix\ (\glsentryname{pda})},
    description =   {---}
}
@entry{pns,
    text        =   {PNS},
    long        =   {project north star},
    name        =   {project north star (PNS)},
    first       =   {project north star (PNS)},
    firstplural =   {project north star\glspluralsuffix\ (\glsentryname{pns})},
    description =   {---}
}
@entry{tom,
    text        =   {ToM},
    long        =   {theory of mind},
    name        =   {theory of mind (ToM)},
    first       =   {theory of mind (ToM)},
    firstplural =   {theory of mind\glspluralsuffix\ (\glsentryname{tom})},
    description =   {---}
}
@entry{ve,
    text        =   {VE},
    long        =   {virtual environment},
    name        =   {virtual environment (VE)},
    first       =   {virtual environment (VE)},
    firstplural =   {virtual environment\glspluralsuffix\ (\glsentryname{ve})},
    description =   {---}
}
@entry{vr,
    text        =   {VR},
    long        =   {virtual reality},
    name        =   {virtual reality (VR)},
    first       =   {virtual reality (VR)},
    firstplural =   {virtual reality\glspluralsuffix\ (\glsentryname{vr})},
    description =   {---}
}
@entry{xr,
    text        =   {XR},
    long        =   {all / extended / * reality},
    name        =   {all / extended / * reality (XR)},
    first       =   {all / extended / * reality (XR)},
    firstplural =   {all / extended / * reality\glspluralsuffix\ (\glsentryname{xr})},
    description =   {---}
}
@entry{acca,
    text        =   {ACCA},
    long        =   {Attenborough Centre for the Creative Arts},
    name        =   {Attenborough Centre for the Creative Arts (ACCA)},
    first       =   {Attenborough Centre for the Creative Arts (ACCA)},
    firstplural =   {Attenborough Centre for the Creative Arts\glspluralsuffix\ (\glsentryname{acca})},
    description =   {---}
}
@entry{darpa,
    text        =   {DARPA},
    long        =   {Defense Advanced Research Projects Agency},
    name        =   {Defense Advanced Research Projects Agency (DARPA)},
    first       =   {Defense Advanced Research Projects Agency (DARPA)},
    firstplural =   {Defense Advanced Research Projects Agency\glspluralsuffix\ (\glsentryname{darpa})},
    description =   {---}
}
@entry{icst,
    text        =   {ICST},
    long        =   {Institute~for Computer Music~and Sound Technology},
    name        =   {Institute~for Computer Music~and Sound Technology (ICST)},
    first       =   {Institute~for Computer Music~and Sound Technology (ICST)},
    firstplural =   {Institute~for Computer Music~and Sound Technology\glspluralsuffix\ (\glsentryname{icst})},
    description =   {---}
}
@entry{ircam,
    text        =   {IRCAM},
    long        =   {Institute~for Research~and Coordination~in Acoustics Music},
    name        =   {Institute~for Research~and Coordination~in Acoustics Music (IRCAM)},
    first       =   {Institute~for Research~and Coordination~in Acoustics Music (IRCAM)},
    firstplural =   {Institute~for Research~and Coordination~in Acoustics Music\glspluralsuffix\ (\glsentryname{ircam})},
    description =   {---}
}
@entry{shl,
    text        =   {SHL},
    long        =   {Sussex Humanities Lab},
    name        =   {Sussex Humanities Lab (SHL)},
    first       =   {Sussex Humanities Lab (SHL)},
    firstplural =   {Sussex Humanities Lab\glspluralsuffix\ (\glsentryname{shl})},
    description =   {---}
}
@entry{moma,
    text        =   {MoMA},
    long        =   {Museum~of Modern Art},
    name        =   {Museum~of Modern Art (MoMA)},
    first       =   {Museum~of Modern Art (MoMA)},
    firstplural =   {Museum~of Modern Art\glspluralsuffix\ (\glsentryname{moma})},
    description =   {---}
}
@entry{pd,
    text        =   {Pd},
    long        =   {Pure Data},
    name        =   {Pure Data (Pd)},
    first       =   {Pure Data (Pd)},
    firstplural =   {Pure Data\glspluralsuffix\ (\glsentryname{pd})},
    description =   {---}
}